

@article{corces2016lineage,
  title={Lineage-specific and single-cell chromatin accessibility charts human hematopoiesis and leukemia evolution},
  author={Corces, M Ryan and Buenrostro, Jason D and Wu, Beijing and Greenside, Peyton G and Chan, Steven M and Koenig, Julie L and Snyder, Michael P and Pritchard, Jonathan K and Kundaje, Anshul and Greenleaf, William J and others},
  journal={Nature Genetics},
  year={2016},
  publisher={Nature Research}
}

@inproceedings{lawrence2004gaussian,
  title={Gaussian process latent variable models for visualisation of high dimensional data},
  author={Lawrence, Neil D},
  booktitle={Advances in neural information processing systems},
  pages={329--336},
  year={2004}
}

@article{welch2017manifold,
  title={Manifold Alignment Reveals Correspondence Between Single Cell Transcriptome and Epigenome Dynamics},
  author={Welch, Joshua D and Hartemink, Alexander J and Prins, Jan F},
  journal={bioRxiv},
  pages={130336},
  year={2017},
  publisher={Cold Spring Harbor Labs Journals}
}

@inproceedings{bishop1999bayesian,
  title={Bayesian PCA},
  author={Bishop, Christopher M},
  booktitle={Proceedings of the 1998 conference on Advances in neural information processing systems II},
  pages={382--388},
  year={1999}
}


@article{HCA,
  title={Human Cell Atlas Project Aims to Map the Human Body's 35 Trillion Cells.},
  author={Sample, Ian},
  journal={The Guardian},
  pages={Published 14 Oct. 2016; Accessed 02 May 2017},
  year={},
  publisher={Guardian News and Media}
}

@article{lonnberg2017single,
  title={Single-cell RNA-seq and computational analysis using temporal mixture modelling resolves Th1/Tfh fate bifurcation in malaria},
  author={L{\"o}nnberg, Tapio and Svensson, Valentine and James, Kylie R and Fernandez-Ruiz, Daniel and Sebina, Ismail and Montandon, Ruddy and Soon, Megan SF and Fogg, Lily G and Nair, Arya Sheela and Liligeto, Urijah and others},
  journal={Science immunology},
  volume={2},
  number={9},
  year={2017},
  publisher={Europe PMC Funders}
}

@article{campbell2016order,
  title={Order under uncertainty: robust differential expression analysis using probabilistic models for pseudotime inference},
  author={Campbell, Kieran R and Yau, Christopher},
  journal={PLOS Computational Biology},
  volume={12},
  number={11},
  pages={e1005212},
  year={2016},
  publisher={Public Library of Science}
}

@article{deng2014single,
  title={Single-cell RNA-seq reveals dynamic, random monoallelic gene expression in mammalian cells},
  author={Deng, Qiaolin and Ramsk{\"o}ld, Daniel and Reinius, Bj{\"o}rn and Sandberg, Rickard},
  journal={Science},
  volume={343},
  number={6167},
  pages={193--196},
  year={2014},
  publisher={American Association for the Advancement of Science}
}

@article{cannoodt2016computational,
  title={Computational methods for trajectory inference from single-cell transcriptomics},
  author={Cannoodt, Robrecht and Saelens, Wouter and Yvan, Saey},
  journal={European Journal of Immunology},
  year={2016},
  publisher={Wiley Online Library}
}


@article{buenrostro2017single,
  title={Single-cell epigenomics maps the continuous regulatory landscape of human hematopoietic differentiation},
  author={Buenrostro, Jason Daniel and Greenleaf, William and Corces, Ryan and Wu, Beijing and Schep, Alicia N and Lareau, Caleb and Majeti, Ravindra and Chang, Howard},
  journal={bioRxiv},
  pages={109843},
  year={2017},
  publisher={Cold Spring Harbor Labs Journals}
}

@article{tipping1999probabilistic,
  title={Probabilistic principal component analysis},
  author={Tipping, Michael E and Bishop, Christopher M},
  journal={Journal of the Royal Statistical Society: Series B (Statistical Methodology)},
  volume={61},
  number={3},
  pages={611--622},
  year={1999},
  publisher={Wiley Online Library}
}

@book{jolliffe2002principal,
  title={Principal component analysis},
  author={Jolliffe, Ian},
  year={2002},
  publisher={Wiley Online Library}
}

@article{whittle1952principal,
  title={On principal components and least square methods of factor analysis},
  author={Whittle, Peter},
  journal={Scandinavian Actuarial Journal},
  volume={1952},
  number={3-4},
  pages={223--239},
  year={1952},
  publisher={Taylor \& Francis}
}

@article{young1941maximum,
  title={Maximum likelihood estimation and factor analysis},
  author={Young, Gale},
  journal={Psychometrika},
  volume={6},
  number={1},
  pages={49--53},
  year={1941},
  publisher={Springer}
}

@article{hastie2009springer,
  title={Springer series in statistics},
  author={Hastie, Trevor and Tibshirani, Robert and Friedman, Jerome},
  journal={The elements of statistical learning: data mining, inference, and prediction},
  year={2009}
}

@article{buettner2015computational,
  title={Computational analysis of cell-to-cell heterogeneity in single-cell RNA-sequencing data reveals hidden subpopulations of cells},
  author={Buettner, Florian and Natarajan, Kedar N and Casale, F Paolo and Proserpio, Valentina and Scialdone, Antonio and Theis, Fabian J and Teichmann, Sarah A and Marioni, John C and Stegle, Oliver},
  journal={Nature biotechnology},
  volume={33},
  number={2},
  pages={155--160},
  year={2015},
  publisher={Nature Research}
}

@article{macosko2015highly,
  title={Highly parallel genome-wide expression profiling of individual cells using nanoliter droplets},
  author={Macosko, Evan Z and Basu, Anindita and Satija, Rahul and Nemesh, James and Shekhar, Karthik and Goldman, Melissa and Tirosh, Itay and Bialas, Allison R and Kamitaki, Nolan and Martersteck, Emily M and others},
  journal={Cell},
  volume={161},
  number={5},
  pages={1202--1214},
  year={2015},
  publisher={Elsevier}
}

